@book{saturday_is_monday,
  author    = "Стругацкий, А.Н. and Стругацкий, Б.Н.",
  title     = "Понедельник начинается в субботу",
  address   = "М.",
  editor    = "Иванов",
  publisher = "Детская литература",
  year      = 1965,
  language  = "russian"
}
@book{book:fourier,
  title      = {Ряды и интеграл Фурье: Теория поля. Аналитические и специальные функции. Преобразование Лапласа},
  author     = {Кожевников, Н.И. and Краснощекова, Т.И. and Шишкин, Н.Е.},
  lccn       = {66051327},
  series     = {Избранные главы высшей математики для инженеров и студентов втузов. Задачи и упражнения},
  url        = {http://books.google.ru/books?id=xvXuAAAAMAAJ},
  year       = {1964},
  publisher  = {Наука},
  eprint     = {http://books.google.ru/books?id=xvXuAAAAMAAJ},
  eprinttype = {Google Books}
}
@online{lecture:frames,
  author       = "Parallel \& Distributed Operating Systems Group",
  title        = "Lecture 11: RISC-V calling convention, stack frames, and gdb",
%   howpublished = "Википедия, свободная энциклопедия",
  year         = 2019,
  url          = {https://pdos.csail.mit.edu/6.828/2019/lec/l-riscv.txt},
  urldate      = "02.2020",
  language     = "english"
}
@online{riscv:gnu,
  author       = "RISC-V",
  title        = "riscv-gnu-toolchain",
  howpublished = "Official github page",
  year         = 2018,
  url          = {https://github.com/riscv/riscv-gnu-toolchain},
  urldate      = "02.2020",
  language     = "english"
}